<record xmlns="http://www.loc.gov/MARC21/slim" xmlns:xsi="http://www.w3.org/2001/XMLSchema-instance" xsi:schemaLocation="http://www.loc.gov/MARC21/slim http://www.loc.gov/standards/marcxml/schema/MARC21slim.xsd"><leader>     nam a22        4500</leader><controlfield tag="001">002966354</controlfield><controlfield tag="003">NNU</controlfield><controlfield tag="006">m        d        </controlfield><controlfield tag="007">cr cn |||m|||a</controlfield><controlfield tag="008">150313q19701979iq      ob    000 0 ara d</controlfield><datafield ind1=" " ind2=" " tag="040"><subfield code="a">NNU</subfield><subfield code="b">eng</subfield><subfield code="c">NNU</subfield></datafield><datafield ind1="1" ind2=" " tag="100"><subfield code="a">Qays&#299;, N&#363;r&#299; &#7716;amm&#363;d&#299;.</subfield></datafield><datafield ind1="1" ind2="0" tag="245"><subfield code="a">Dir&#257;s&#257;t f&#299; al-shi&#699;r al-J&#257;hil&#299;</subfield><subfield code="h">[electronic resource] /</subfield><subfield code="c">N&#363;r&#299; &#7716;amm&#363;d&#237; al-Qays&#299;.</subfield></datafield><datafield ind1=" " ind2=" " tag="260"><subfield code="a">[Baghdad] :</subfield><subfield code="b">S&#257;&#699;adat J&#257;mi&#699;at Baghdad &#699;al&#225; nashrih ;</subfield><subfield code="a">Dimashq :</subfield><subfield code="b">Tawz&#299;&#699; D&#257;r al-Fikr,</subfield><subfield code="c">[197-?]</subfield></datafield><datafield ind1=" " ind2=" " tag="300"><subfield code="a">online resource (232 p.)</subfield></datafield><datafield ind1=" " ind2=" " tag="500"><subfield code="a">Part of the Arabic Collections Online (ACO) project, contributed by New York Univeristy Libraries.</subfield></datafield><datafield ind1=" " ind2=" " tag="504"><subfield code="a">Includes bibliographic references.</subfield></datafield><datafield ind1=" " ind2=" " tag="533"><subfield code="a">Electronic reproduction.</subfield><subfield code="b">New York, N.Y. :</subfield><subfield code="c">New York University,</subfield><subfield code="d">2015.</subfield><subfield code="5">NNU</subfield></datafield><datafield ind1=" " ind2="0" tag="650"><subfield code="a">Arabic poetry</subfield><subfield code="y">To 622</subfield><subfield code="x">History and criticism.</subfield></datafield><datafield ind1="2" ind2=" " tag="710"><subfield code="a">New York University.</subfield><subfield code="b">Libraries.</subfield></datafield><datafield ind1="0" ind2=" " tag="730"><subfield code="a">Arabic Collections Online.</subfield></datafield><datafield ind1="0" ind2="8" tag="776"><subfield code="i">Print version:</subfield><subfield code="a">Qays&#299;, N&#363;r&#299; &#7716;amm&#363;d&#299;.</subfield><subfield code="t">Dir&#257;s&#257;t f&#299; al-shi&#699;r al-J&#257;hil&#299;</subfield><subfield code="w">(NNU)002966354</subfield></datafield><datafield ind1="4" ind2="0" tag="856"><subfield code="u">http://hdl.handle.net/2333.1/ghx3fhsm</subfield></datafield><datafield ind1=" " ind2=" " tag="959"><subfield code="a">NNU</subfield><subfield code="b">WEB</subfield><subfield code="c">GENI</subfield><subfield code="t">0</subfield><subfield code="m">Electronic access</subfield><subfield code="s">01</subfield></datafield><datafield ind1=" " ind2=" " tag="999"><subfield code="i">NNU_002966354</subfield><subfield code="s">nyu_aco000499</subfield><subfield code="e">(ERROR-880)</subfield></datafield></record>